<record><leader>00000cas a22000007a 4500</leader><controlfield tag="001">34327686</controlfield><controlfield tag="008">960307d19671978ohuwr n       0    0eng d</controlfield><datafield ind1=" " ind2=" " tag="010"><subfield code="a">sn 96087000 </subfield></datafield><datafield ind1=" " ind2=" " tag="040"><subfield code="a">ONP</subfield><subfield code="b">eng</subfield><subfield code="c">ONP</subfield><subfield code="d">OCLCQ</subfield></datafield><datafield ind1=" " ind2=" " tag="042"><subfield code="a">msc</subfield></datafield><datafield ind1="0" ind2=" " tag="130"><subfield code="a">Canfield courier and the Cornersburg reporter (Canfield, Ohio)</subfield></datafield><datafield ind1="1" ind2="0" tag="245"><subfield code="a">Canfield courier and the Cornersburg reporter.</subfield></datafield><datafield ind1="1" ind2="3" tag="246"><subfield code="a">Courier and the Cornersburg reporter</subfield></datafield><datafield ind1="1" ind2="7" tag="246"><subfield code="a">Courier</subfield></datafield><datafield ind1=" " ind2=" " tag="260"><subfield code="a">Canfield, Ohio :</subfield><subfield code="b">Paulson Publications,</subfield><subfield code="c">-1978.</subfield></datafield><datafield ind1=" " ind2=" " tag="300"><subfield code="a">v.</subfield></datafield><datafield ind1=" " ind2=" " tag="310"><subfield code="a">Weekly</subfield></datafield><datafield ind1="1" ind2=" " tag="362"><subfield code="a">Began in 1967.</subfield></datafield><datafield ind1="0" ind2=" " tag="362"><subfield code="a">-11th year, no. 21 (Sept. 28, 1978).</subfield></datafield><datafield ind1=" " ind2=" " tag="588"><subfield code="a">Description based on: 10th year, no. 35 (Dec. 29, 1977).</subfield></datafield><datafield ind1=" " ind2="4" tag="651"><subfield code="a">Canfield (Ohio)</subfield><subfield code="v">Newspapers.</subfield></datafield><datafield ind1=" " ind2="4" tag="651"><subfield code="a">Cornersburg (Ohio)</subfield><subfield code="v">Newspapers.</subfield></datafield><datafield ind1=" " ind2="4" tag="651"><subfield code="a">Mahoning County (Ohio)</subfield><subfield code="v">Newspapers.</subfield></datafield><datafield ind1=" " ind2=" " tag="752"><subfield code="a">United States</subfield><subfield code="b">Ohio</subfield><subfield code="c">Mahoning</subfield><subfield code="d">Canfield.</subfield></datafield><datafield ind1="0" ind2="0" tag="785"><subfield code="t">Courier (Canfield, Ohio : 1978)</subfield><subfield code="w">(DLC)sn 96087001</subfield></datafield><datafield ind1="1" ind2=" " tag="029"><subfield code="a">AU@</subfield><subfield code="b">000012367267</subfield></datafield></record>